@article{lawlor,
  title={A new area-maximization proof for the circle},
  author={Lawlor, Gary},
  journal={The Mathematical Intelligencer},
  volume={20},
  number={1},
  pages={29--31},
  year={1998},
  %publisher={Springer}
}
